@article{poteat2015,
  title={HIV risk and preventive interventions in transgender women sex workers},
  author={Poteat, Tonia and Wirtz, Andrea L and Radix, Anita and Borquez, Annick and Silva-Santisteban, Alfonso and Deutsch, Madeline B and Khan, Sharful Islam and Winter, Sam and Operario, Don},
  journal={The Lancet},
  volume={385},
  number={9964},
  pages={274--286},
  year={2015},
  publisher={Elsevier}
}

@article{baral2013,
  title={Worldwide burden of HIV in transgender women: a systematic review and meta-analysis},
  author={Baral, Stefan D and Poteat, Tonia and Str{\"o}mdahl, Susanne and Wirtz, Andrea L and Guadamuz, Thomas E and Beyrer, Chris},
  journal={The Lancet infectious diseases},
  volume={13},
  number={3},
  pages={214--222},
  year={2013},
  publisher={Elsevier}
}

@article{modan1992,
  title={Prevalence of HIV antibodies in transsexual and female prostitutes.},
  author={Modan, Baruch and Goldschmidt, Reuven and Rubinstein, Ethan and Vonsover, Ami and Zinn, Marion and Golan, Rachel and Chetrit, Angela and Gottlieb-Stematzky, Tamar},
  journal={American Journal of Public Health},
  volume={82},
  number={4},
  pages={590--592},
  year={1992},
  publisher={American Public Health Association}
}

@article{handzel1990,
  title={Absence of T cell impairments in a unique group of anal-receptive transvestite and male prostitutes in Israel.},
  author={Handzel, ZT and Burstein, R and Cohen, J and Pecht, M and Trainin, N and Vonsover, A and Sayer, Y and Gotlieb-Stematsky, T and Bentwich, Z},
  journal={Israel journal of medical sciences},
  volume={26},
  number={1},
  pages={26--31},
  year={1990}
}

@article{chew1997,
  title={Sexual behaviour and prevalence of HIV antibodies in transsexuals},
  author={Chew, Stephen and Tham, KF and Ratnam, SS},
  journal={Journal of Obstetrics and Gynaecology Research},
  volume={23},
  number={1},
  pages={33--36},
  year={1997},
  publisher={Wiley Online Library}
}

@article{bockting1998,
  title={Transgender HIV prevention: A qualitative needs assessment},
  author={Bockting, Walter O and Robinson, BE and Rosser, BRS},
  journal={AIDS care},
  volume={10},
  number={4},
  pages={505--525},
  year={1998},
  publisher={Taylor \& Francis}
}

@article{clements1999,
  title={HIV prevention and health service needs of the transgender community in San Francisco},
  author={Clements, K. and Wilkinson, W. and Kitano, K., Ph.D. and Marx, R., Ph.D.},
  year={1999}
  journal={IJT},
  volume={3},
  number={1+2}
}

@article{baral2013,
  title={Worldwide burden of HIV in transgender women: a systematic review and meta-analysis},
  author={Baral, Stefan D and Poteat, Tonia and Str{\"o}mdahl, Susanne and Wirtz, Andrea L and Guadamuz, Thomas E and Beyrer, Chris},
  journal={The Lancet infectious diseases},
  volume={13},
  number={3},
  pages={214--222},
  year={2013},
  publisher={Elsevier}
}

@article{desantis2009,
  title={HIV infection risk factors among male-to-female transgender persons: a review of the literature},
  author={De Santis, Joseph P},
  journal={Journal of the Association of Nurses in AIDS Care},
  volume={20},
  number={5},
  pages={362--372},
  year={2009},
  publisher={Elsevier}
}

@article{herbst2008,
  title={Estimating HIV prevalence and risk behaviors of transgender persons in the United States: a systematic review},
  author={Herbst, Jeffrey H and Jacobs, Elizabeth D and Finlayson, Teresa J and McKleroy, Vel S and Neumann, Mary Spink and Crepaz, Nicole and HIV/AIDS Prevention Research Synthesis Team and others},
  journal={AIDS and Behavior},
  volume={12},
  number={1},
  pages={1--17},
  year={2008},
  publisher={Springer}
}

@article{nuttbrock2009,
  title={Lifetime risk factors for HIV/STI infections among male-to-female transgender persons},
  author={Nuttbrock, Larry and Hwahng, Sel and Bockting, Walter and Rosenblum, Andrew and Mason, Mona and Macri, Monica and Becker, Jeffrey},
  journal={Journal of acquired immune deficiency syndromes (1999)},
  volume={52},
  number={3},
  pages={417},
  year={2009},
  publisher={NIH Public Access}
}

@article{melendez2007,
  title={‘It's really a hard life’: Love, gender and HIV risk among male-to-female transgender persons},
  author={Melendez, Rita M and Pinto, Rog{\'e}rio},
  journal={Culture, health \& sexuality},
  volume={9},
  number={3},
  pages={233--245},
  year={2007},
  publisher={Taylor \& Francis}
}

@article{cai2016,
  title={Prevalence and associated factors of condomless receptive anal intercourse with male clients among transgender women sex workers in Shenyang, China},
  author={Cai, Yong and Wang, Zixin and Lau, Joseph TF and Li, Jinghua and Ma, Tiecheng and Liu, Yan},
  journal={Journal of the International AIDS Society},
  volume={19},
  pages={20800},
  year={2016},
  publisher={Wiley Online Library}
}
