@misc{trefethen2019numerical,
    title={Numerical conformal mapping with rational functions},
    author={Lloyd N. Trefethen},
    year={2019},
    eprint={1911.03696},
    archivePrefix={arXiv},
    primaryClass={math.CV}
}

@misc{hirica2019flatness,
    title={Flatness produced by some geometric PDEs},
    author={Iulia Hirica and Constantin Udriste and Gabriel Pripoae and Ionel Tevy},
    year={2019},
    eprint={1911.03254},
    archivePrefix={arXiv},
    primaryClass={math.DG}
}

@ARTICLE{2019arXiv190907752G,
       author = {{Gr{\"o}chenig}, Karlheinz},
        title = "{Sampling, Marcinkiewicz-Zygmund Inequalities, Approximation, and Quadrature Rules}",
      journal = {arXiv e-prints},
     keywords = {Mathematics - Numerical Analysis, Mathematics - Functional Analysis, 41A17, 42A10, 65D30},
         year = "2019",
        month = "Sep",
          eid = {arXiv:1909.07752},
        pages = {arXiv:1909.07752},
archivePrefix = {arXiv},
       eprint = {1909.07752},
 primaryClass = {math.NA},
       adsurl = {https://ui.adsabs.harvard.edu/abs/2019arXiv190907752G},
      adsnote = {Provided by the SAO/NASA Astrophysics Data System}
}

@inproceedings{fletcher2011geodesic,
  title={Geodesic regression on Riemannian manifolds},
  author={Fletcher, Thomas},
  year={2011}
}

@ARTICLE{2007arXiv0708.3822W,
       author = {{Wu}, Rebing and {Chakrabarti}, Raj and {Rabitz}, Hershel},
        title = "{Critical Topology for Optimization on the Symplectic Group}",
      journal = {arXiv e-prints},
     keywords = {Mathematical Physics},
         year = "2007",
        month = "Aug",
          eid = {arXiv:0708.3822},
        pages = {arXiv:0708.3822},
archivePrefix = {arXiv},
       eprint = {0708.3822},
 primaryClass = {math-ph},
       adsurl = {https://ui.adsabs.harvard.edu/abs/2007arXiv0708.3822W},
      adsnote = {Provided by the SAO/NASA Astrophysics Data System}
}

