@book{babyrudin,
  place={New York},
  title={Principles of Mathematical Analysis}, 
  publisher={McGraw-Hill},
  author={Rudin, Walter},
  year={1976}
}

@article{zorich1,
  title={Mathematical Analysis I},
  author={Vladimir A. Zorich},
  translated_by={Cooke, R., Paniagua Taboada, O.},
  year={2015},
  publisher={Springer-Verlag Berlin Heidelberg},
  isbn={978-3-662-48792-1},
  doi={http://doi.org/10.1007/978-3-662-48792-1}
}

@BOOK{jeshsettheory,
	AUTHOR = {Jech, Thomas},
	TITLE = {Set Theory},
	PUBLISHER = {Springer},
	YEAR        = {2002},
	SERIES      = {Springer Monographs in mathematics},
}
